@inproceedings{Keleher1994,
 author = {Keleher, Pete and Cox, Alan L. and Dwarkadas, Sandhya and Zwaenepoel, Willy},
 title = {TreadMarks: Distributed Shared Memory on Standard Workstations and Operating Systems},
 booktitle = {Proceedings of the USENIX Winter 1994 Technical Conference on USENIX Winter 1994 Technical Conference},
 series = {WTEC'94},
 year = {1994},
}

@inproceedings{Nelson2015,
 author = {Nelson, Jacob and Holt, Brandon and Myers, Brandon and Briggs, Preston and Ceze, Luis and Kahan, Simon and Oskin, Mark},
 title = {Latency-tolerant Software Distributed Shared Memory},
 booktitle = {Proceedings of the 2015 USENIX Conference on Usenix Annual Technical Conference},
 series = {USENIX ATC '15},
 year = {2015},
}

@inproceedings{Beckett2017,
 author = {Beckett, Ryan and Gupta, Aarti and Mahajan, Ratul and Walker, David},
 title = {A General Approach to Network Configuration Verification},
 booktitle = {Proceedings of the Conference of the ACM Special Interest Group on Data Communication},
 series = {SIGCOMM '17},
 year = {2017},
}

@inproceedings{propane,
 author = {Beckett, Ryan and Mahajan, Ratul and Millstein, Todd and Padhye, Jitendra and Walker, David},
 title = {Don'T Mind the Gap: Bridging Network-wide Objectives and Device-level Configurations},
 booktitle = {Proceedings of the 2016 ACM SIGCOMM Conference},
 series = {SIGCOMM '16},
 year = {2016},
} 

@article{Isard2007,
 author = {Isard, Michael},
 title = {Autopilot: Automatic Data Center Management},
 journal = {SIGOPS Oper. Syst. Rev.},
 year = {2007},
} 

@inproceedings{Wu2012,
author = {Wu, Xin and Turner, Daniel and Chen, George and Maltz, Dave and Yang, Xiaowei and Yuan, Lihua and Zhang, Ming},
title = {NetPilot: Automating Datacenter Network Failure Mitigation},
year = {2012},
}

@article{Chandra1996,
 author = {Chandra, Tushar Deepak and Toueg, Sam},
 title = {Unreliable Failure Detectors for Reliable Distributed Systems},
 journal = {J. ACM},
 year = {1996},
} 

@inproceedings{Leners2013,
 author = {Leners, Joshua B. and Gupta, Trinabh and Aguilera, Marcos K. and Walfish, Michael},
 title = {Improving Availability in Distributed Systems with Failure Informers},
 booktitle = {Proceedings of the 10th USENIX Conference on Networked Systems Design and Implementation},
 series = {nsdi'13},
 year = {2013},
} 

@inproceedings{Bertier2002,
 author = {Bertier, Marin and Marin, Olivier and Sens, Pierre},
 title = {Implementation and Performance Evaluation of an Adaptable Failure Detector},
 booktitle = {Proceedings of the 2002 International Conference on Dependable Systems and Networks},
 series = {DSN '02},
 year = {2002},
} 

@inproceedings{Jin2004,
 author = {Jin, Wei and Chase, Jeffrey S. and Kaur, Jasleen},
 title = {Interposed Proportional Sharing for a Storage Service Utility},
 booktitle = {Proceedings of the Joint International Conference on Measurement and Modeling of Computer Systems},
 year = {2004},
} 

@inproceedings{Wilcox2015,
 author = {Wilcox, James R. and Woos, Doug and Panchekha, Pavel and Tatlock, Zachary and Wang, Xi and Ernst, Michael D. and Anderson, Thomas},
 title = {Verdi: A Framework for Implementing and Formally Verifying Distributed Systems},
 booktitle = {Proceedings of the 36th ACM SIGPLAN Conference on Programming Language Design and Implementation},
 year = {2015},
} 

@inproceedings{Anderson2014,
 author = {Anderson, Carolyn Jane and Foster, Nate and Guha, Arjun and Jeannin, Jean-Baptiste and Kozen, Dexter and Schlesinger, Cole and Walker, David},
 title = {NetKAT: Semantic Foundations for Networks},
 booktitle = {Proceedings of the 41st ACM SIGPLAN-SIGACT Symposium on Principles of Programming Languages},
 year = {2014},
} 

@misc{IntelRSA,
title = {{Intel, Facebook Collaborate on Future Data Center Rack Techologies}},
publisher = {Intel Newsroom},
year = {2013},
note = {https://newsroom.intel.com/news-releases/intel-facebook-collaborate-on-future-data-center-rack-technologies/}}
}

@inproceedings{Guay2010, 
author={W. L. Guay and S. A. Reinemo and O. Lysne and T. Skeie and B. D. Johnsen and L. Holen}, 
booktitle={ICCC}, 
title={Host Side Dynamic Reconfiguration with InfiniBand}, 
year={2010}, 
}

@inproceedings{Al-Fares2008,
 author = {Al-Fares, Mohammad and Loukissas, Alexander and Vahdat, Amin},
 title = {A Scalable, Commodity Data Center Network Architecture},
 booktitle = {SIGCOMM},
 year = {2008},
} 

@inproceedings{Guo2008,
author = {Guo, Chuanxiong and Wu, Haitao and Tan, Kun and Shi, Lei and Zhang, Yongguang and Lu, Songwu},
title = {DCell: A Scalable and Fault-Tolerant Network Structure for Data Centers},
booktitle = {SIGCOMM},
year = {2008},
}

@inproceedings{Katta2015,
 author = {Katta, Naga and Zhang, Haoyu and Freedman, Michael and Rexford, Jennifer},
 title = {Ravana: Controller Fault-tolerance in Software-defined Networking},
 booktitle = {SOSR},
 year = {2015},
} 

@inproceedings{Berde2014,
 author = {Berde, Pankaj and Gerola, Matteo and Hart, Jonathan and Higuchi, Yuta and Kobayashi, Masayoshi and Koide, Toshio and Lantz, Bob and O'Connor, Brian and Radoslavov, Pavlin and Snow, William and Parulkar, Guru},
 title = {ONOS: Towards an Open, Distributed SDN OS},
 booktitle = {HotSDN},
 year = {2014},
} 

@inproceedings{HyojoonKim2012,
 author = {Hyojoon Kim and Schlansker, Mike and Santos, Jose Renato and Tourrilhes, Jean and Turner, Yoshio and Feamster, Nick},
 title = {CORONET: Fault Tolerance for Software Defined Networks},
 booktitle = {ICNP},
 year = {2012},
} 

@inproceedings{Cully2008,
 author = {Cully, Brendan and Lefebvre, Geoffrey and Meyer, Dutch and Feeley, Mike and Hutchinson, Norm and Warfield, Andrew},
 title = {Remus: High Availability via Asynchronous Virtual Machine Replication},
 booktitle = {NSDI},
 year = {2008},
}

@inproceedings{Lim2012,
 author = {Lim, Kevin and Turner, Yoshio and Santos, Jose Renato and AuYoung, Alvin and Chang, Jichuan and Ranganathan, Parthasarathy and Wenisch, Thomas F.},
 title = {System-level Implications of Disaggregated Memory},
 booktitle = {HPCA},
 year = {2012},
} 

@inproceedings{Lim2009,
 author = {Lim, Kevin and Chang, Jichuan and Mudge, Trevor and Ranganathan, Parthasarathy and Reinhardt, Steven K. and Wenisch, Thomas F.},
 title = {Disaggregated Memory for Expansion and Sharing in Blade Servers},
 booktitle = {ISCA},
 year = {2009},
} 

@inproceedings{Bressoud1995,
 author = {Bressoud, T. C. and Schneider, F. B.},
 title = {Hypervisor-based Fault Tolerance},
 booktitle = {SOSP},
 year = {1995},
} 

@inproceedings{Lorch2015,
 author = {Lorch, Jacob R. and Baumann, Andrew and Glendenning, Lisa and Meyer, Dutch T. and Warfield, Andrew},
 title = {Tardigrade: Leveraging Lightweight Virtual Machines to Easily and Efficiently Construct Fault-tolerant Services},
 booktitle = {NSDI},
 year = {2015},
} 

@inproceedings{Kalia2014,
 author = {Kalia, Anuj and Kaminsky, Michael and Andersen, David G.},
 title = {Using RDMA Efficiently for Key-value Services},
 booktitle = {SIGCOMM},
 year = {2014},
} 

@inproceedings{Patterson1988,
 author = {Patterson, David A. and Gibson, Garth and Katz, Randy H.},
 title = {A Case for Redundant Arrays of Inexpensive Disks (RAID)},
 booktitle = {SIGMOD},
 year = {1988},
} 


@article{Fitzpatrick2004,
author = {Fitzpatrick, Brad},
journal = {Linux Journal},
number = {124},
title = {{Distributed Caching with Memcached}},
url = {http://www.linuxjournal.com/article/7451},
year = {2004}
}

@inproceedings{Low2010,
author = {Low, Yucheng and Gonzalez, Joseph and Kyrola, Aapo and Bickson, Danny and Guestrin, Carlos and Hellerstein, Joseph M.},
booktitle = {UAI},
title = {{GraphLab: A New Framework for Parallel Machine Learning}},
year = {2010}
}

@inproceedings{Dean2004,
 author = {Dean, Jeffrey and Ghemawat, Sanjay},
 title = {MapReduce: Simplified Data Processing on Large Clusters},
 booktitle = {OSDI},
 year = {2004},
} 

@inproceedings{Han2013,
 author = {Han, Sangjin and Egi, Norbert and Panda, Aurojit and Ratnasamy, Sylvia and Shi, Guangyu and Shenker, Scott},
 title = {{Network Support for Resource Disaggregation in Next-generation Datacenters}},
 booktitle = {HotNets},
 year = {2013},
} 

@inproceedings{Murray2013,
 author = {Murray, Derek G. and McSherry, Frank and Isaacs, Rebecca and Isard, Michael and Barham, Paul and Abadi, Mart\'{\i}n},
 title = {Naiad: A Timely Dataflow System},
 booktitle = {SOSP},
 year = {2013}
}

@inproceedings{Xu2016,
author = {Xu, Chen and Holzemer, Markus and Kaul, Manohar and Markl, Volker},
title = {{Efficient fault-tolerance for iterative graph processing on distributed dataflow systems}},
booktitle = {ICDE},
year = {2016}
}

@article{Shen2014,
 author = {Shen, Yanyan and Chen, Gang and Jagadish, H. V. and Lu, Wei and Ooi, Beng Chin and Tudor, Bogdan Marius},
 title = {Fast Failure Recovery in Distributed Graph Processing Systems},
 journal = {VLDB},
 year = {2014},
} 

@inproceedings{Sherry2015,
author = {Sherry, Justine and Gao, Peter Xiang and Basu, Soumya and Panda, Aurojit and Krishnamurthy, Arvind and Maciocco, Christian and Manesh, Maziar and Martins, Jo{\~{a}}o and Ratnasamy, Sylvia and Rizzo, Luigi and Shenker, Scott},
title = {{Rollback-Recovery for Middleboxes}},
booktitle = {SIGCOMM},
year = {2015}
}

@inproceedings{Shvachko2010,
 author = {Shvachko, Konstantin and Kuang, Hairong and Radia, Sanjay and Chansler, Robert},
 title = {The Hadoop Distributed File System},
 booktitle = {MSST},
 year = {2010},
} 

@inproceedings{Zaharia2012,
 author = {Zaharia, Matei and Chowdhury, Mosharaf and Das, Tathagata and Dave, Ankur and Ma, Justin and McCauley, Murphy and Franklin, Michael J. and Shenker, Scott and Stoica, Ion},
 title = {Resilient Distributed Datasets: A Fault-tolerant Abstraction for In-memory Cluster Computing},
 booktitle = {NSDI},
 year = {2012},
} 

@inproceedings{Ongaro2011,
 author = {Ongaro, Diego and Rumble, Stephen M. and Stutsman, Ryan and Ousterhout, John and Rosenblum, Mendel},
 title = {{Fast Crash Recovery in RAMCloud}},
 booktitle = {SOSP},
 year = {2011},
} 

@inproceedings{Calder2011,
author = {Calder, Brad and Wang, Ju and Ogus, Aaron and Nilakantan, Niranjan and Skjolsvold, Arild and Mckelvie, Sam and Xu, Yikang and Srivastav, Shashwat and Wu, Jiesheng and Simitci, Huseyin and Haridas, Jaidev and Uddaraju, Chakravarthy and Khatri, Hemal and Edwards, Andrew and Bedekar, Vaman and Mainali, Shane and Abbasi, Rafay and Agarwal, Arpit and Fahim, Mian and Ikram, Muhammad and Bhardwaj, Deepali and Dayanand, Sowmya and Adusumilli, Anitha and Mcnett, Marvin and Sankaran, Sriram and Manivannan, Kavitha and Rigas, Leonidas},
title = {{Windows Azure Storage : A Highly Available Cloud Storage Service with Strong Consistency}},
booktitle = {SOSP},
year = {2011}
}

@inproceedings{Bonvin2010,
author = {Bonvin, Nicolas and Papaioannou, Thanasis G and Aberer, Karl},
title = {{A self-organized, fault-tolerant and scalable replication scheme for cloud storage}},
booktitle = {SoCC},
year = {2010}
}

@article{Saltzer1984,
author = {Saltzer, J. H. and Reed, D. P. and Clark, D. D.},
journal = {ACM Transactions on Computer Systems},
title = {{End-to-end arguments in system design}},
year = {1984}
}

@article{Bosshart2014,
 author = {Bosshart, Pat and Daly, Dan and Gibb, Glen and Izzard, Martin and McKeown, Nick and Rexford, Jennifer and Schlesinger, Cole and Talayco, Dan and Vahdat, Amin and Varghese, George and Walker, David},
 title = {P4: Programming Protocol-independent Packet Processors},
 journal = {CCR},
 year = {2014},
} 


@inproceedings{Leners2015,
 author = {Leners, Joshua B. and Gupta, Trinabh and Aguilera, Marcos K. and Walfish, Michael},
 title = {Taming Uncertainty in Distributed Systems with Help from the Network},
 booktitle = {EuroSys},
 year = {2015},
} 

@inproceedings{Kuzniar2013,
author = {Kuzniar, Maciej and Peresini, Peter and Vasic, Nedeljko and Canini, Marco and Kostic, Dejan},
title = {{Automatic Failure Recovery for Software-Defined Networks}},
booktitle = {HotSDN},
year = {2013}
}

@inproceedings{NiranjanMysore2009,
author = {{Niranjan Mysore}, Radhika and Pamboris, Andreas and Farrington, Nathan and Huang, Nelson and Miri, Pardis and Radhakrishnan, Sivasankar and Subramanya, Vikram and Vahdat, Amin and Mysore, Radhika Niranjan},
title = {{PortLand: a scalable fault-tolerant layer 2 data center network fabric}},
booktitle = {SIGCOMM},
year = {2009}
}

@article{Feamster2014,
author = {Feamster, Nick and Rexford, Jennifer and Zegura, Ellen},
journal = {CCR},
title = {{The Road to SDN: An Intellectual History of Programmable Networks}},
volume = {44},
year = {2014}
}

@article{Foundation2012,
author = {Foundation, Open Network},
journal = {ONF White Paper},
pages = {1--12},
title = {{Software-Defined Networking: The New Norm for Networks [white paper]}},
year = {2012}
}

@inproceedings{Gao2016,
author = {Gao, Peter X and Narayan, Akshay and Karandikar, Sagar and Carreira, Joao and Han, Sangjin and Agarwal, Rachit and Ratnasamy, Sylvia and Osdi, Implementation and Gao, Peter X and Narayan, Akshay and Ratnasamy, Sylvia and Carreira, Joao and Shenker, Scott},
title = {{Network Requirements for Resource Disaggregation}},
booktitle = {OSDI},
year = {2016}
}

@article{Jarschel2014,
author = {Jarschel, Michael and Zinner, Thomas and Ho{\ss}feld, Tobias and Tran-Gia, Phuoc and Kellerer, Wolfgang},
journal = {IEEE Communications Magazine},
number = {6},
pages = {210--217},
title = {{Interfaces, attributes, and use cases: A compass for SDN}},
volume = {52},
year = {2014}
}

@article{Sezer2013,
author = {Sezer, Sakir and Scott-Hayward, Sandra and {Kaur Chouhan}, Pushpinder and Fraser, Barbara and Lake, David and {Systems Jim Finnegan}, Cisco and Viljoen, Niel and {Marc Miller}, Netronome and Rao, Navneet and Layout, Scott-hayward},
journal = {Future Carrier Networks},
number = {7},
title = {{Are We Ready for SDN? Implementation Challenges for Software-Defined Networks}},
volume = {51},
year = {2013}
}
